<record><leader>00000cas a22000007a 4500</leader><controlfield tag="001">12617765</controlfield><controlfield tag="008">850930d18881913inudn ne      0    0eng d</controlfield><datafield ind1=" " ind2=" " tag="010"><subfield code="a">sn 85048076 </subfield></datafield><datafield ind1=" " ind2=" " tag="040"><subfield code="a">NPI</subfield><subfield code="b">eng</subfield><subfield code="c">NPI</subfield><subfield code="d">OCLCQ</subfield></datafield><datafield ind1=" " ind2=" " tag="042"><subfield code="a">msc</subfield></datafield><datafield ind1="0" ind2="0" tag="245"><subfield code="a">New Albany evening tribune.</subfield></datafield><datafield ind1=" " ind2=" " tag="260"><subfield code="a">New Albany, Ind. :</subfield><subfield code="b">Packard &amp; Brown</subfield></datafield><datafield ind1=" " ind2=" " tag="310"><subfield code="a">Daily (except Sun.)</subfield></datafield><datafield ind1="1" ind2=" " tag="362"><subfield code="a">Began in Apr. 1888.</subfield></datafield><datafield ind1="0" ind2=" " tag="362"><subfield code="a">-v. 25, no. 271 (Mar. 1, 1913).</subfield></datafield><datafield ind1=" " ind2=" " tag="580"><subfield code="a">Published also in a weekly edition called: New Albany weekly tribune.</subfield></datafield><datafield ind1=" " ind2=" " tag="588"><subfield code="a">Description based on: Vol. 1, no. 157 (Oct. 15, 1888).</subfield></datafield><datafield ind1=" " ind2=" " tag="752"><subfield code="a">United States</subfield><subfield code="b">Indiana</subfield><subfield code="c">Floyd</subfield><subfield code="d">New Albany.</subfield></datafield><datafield ind1="1" ind2=" " tag="775"><subfield code="t">New Albany weekly tribune (New Albany, Ind. : 1888)</subfield><subfield code="w">(DLC)sn 85048077</subfield></datafield><datafield ind1="0" ind2="0" tag="785"><subfield code="t">New Albany tribune</subfield><subfield code="w">(DLC)sn 85047514</subfield></datafield><datafield ind1="1" ind2=" " tag="029"><subfield code="a">AU@</subfield><subfield code="b">000025840586</subfield></datafield></record>